@article{cuevas2013,
title = "A swarm optimization algorithm inspired in the behavior of the social-spider",
journal = "Expert Systems with Applications",
volume = "40",
number = "16",
pages = "6374 - 6384",
year = "2013",
issn = "0957-4174",
doi = "https://doi.org/10.1016/j.eswa.2013.05.041",
url = "http://www.sciencedirect.com/science/article/pii/S0957417413003394",
author = "Erik Cuevas and Miguel Cienfuegos and Daniel Zaldívar and Marco Pérez-Cisneros",
keywords = "Swarm algorithms, Global optimization, Bio-inspired algorithms"
}